@misc{waveblocksnd,
    author = {R. Bourquin and V. Gradinaru},
    title = {{WaveBlocks}: Reusable building blocks for simulations with semiclassical wavepackets},
    year = {2010 -- 2015},
    url = {\url{https://github.com/raoulbq/WaveBlocksND}},
    howpublished={\url{https://github.com/raoulbq/WaveBlocksND}}
}

@Misc{ FGL_semiclassical_dynamics,
        title = "Computing semi-classical quantum dynamics with Hagedorn wavepackets",
        author = "Erwan Faou and Vasile Gradinaru and Christian Lubich",
        url = "http://dx.doi.org/10.1137/080729724",
        year = "2009"
}

@Article{ H_ladder_operators,
        title = "Raising and Lowering Operators for Semiclassical Wave Packets",
        author = "George A. Hagedorn",
        journal = "Annals of Physics",
        volume = "269",
        number = "1",
        pages = "77--104",
        year = "1998",
        issn = "0003-4916",
        doi = "DOI: 10.1006/aphy.1998.5843"
}
@article{B_master_thesis,
  author = {Bourquin, Raoul},
  title = {Wavepacket propagation in D-dimensional non-adiabatic crossings},
  url = {\url{http://www.sam.math.ethz.ch/~raoulb/research/master_thesis/tex/main.pdf}},
  year = {2012},
  howpublished = {\url{http://www.sam.math.ethz.ch/~raoulb/research/master_thesis/tex/main.pdf}},
  note = {\url{http://www.sam.math.ethz.ch/~raoulb/research/master_thesis/tex/main.pdf}}
}

@article{C_CRTP,
	author = {James O., Coplien},
    title = {Curiously Recurring Template Patterns},
    year = {1995},
    journal = {C++ Report},
    pages = {24--27},
	howpublished = {\url{http://sites.google.com/a/gertrudandcope.com/info/Publications/InheritedTemplate.pdf}}
}

@MISC{eigenweb,
  author = {Ga\"{e}l Guennebaud and Beno\^{i}t Jacob and others},
  title = {Eigen v3},
  howpublished = {\url{http://eigen.tuxfamily.org}},
  year = {2010}
}
@MISC{eigen3-hdf5,
  author = {James R. Garrison},
  title = {eigen3-hdf5},
  howpublished = {\url{https://github.com/garrison/eigen3-hdf5}},
  year = {2013}
}

@Misc{ GHJ_tunneling_spawning,
        title = "Tunneling dynamics and spawning with adaptive semiclassical wave packets",
        author = "Vasile Gradinaru and George A. Hagedorn and Alain Joye",
        year = "2010",
        doi = "DOI: 10.1063/1.3429607"
}