@misc{waveblocksnd,
    author = {R. Bourquin and V. Gradinaru},
    title = {{WaveBlocks}: Reusable building blocks for simulations with semiclassical wavepackets},
    year = {2010 -- 2015},
    url = {\url{https://github.com/raoulbq/WaveBlocksND}},
    howpublished={\url{https://github.com/raoulbq/WaveBlocksND}}
}

@article{B_master_thesis,
  author = {Bourquin, Raoul},
  title = {Wavepacket propagation in D-dimensional non-adiabatic crossings},
  url = {\url{http://www.sam.math.ethz.ch/~raoulb/research/master_thesis/tex/main.pdf}},
  year = {2012},
  howpublished = {\url{http://www.sam.math.ethz.ch/~raoulb/research/master_thesis/tex/main.pdf}},
  note = {\url{http://www.sam.math.ethz.ch/~raoulb/research/master_thesis/tex/main.pdf}}
}

@Techreport{B15_601,
    author = {R. Bourquin},
    title = {Exhaustive search for higher-order Kronrod-Patterson Extensions},
    institution = {Seminar for Applied Mathematics, ETH Z{\"u}rich},
    number = {2015-11},
    address = {Switzerland},
    url = {/sam_reports/reports_final/reports2015/2015-11.pdf },
    year = {2015}
} 
