@misc{waveblocksnd,
    author = {R. Bourquin and V. Gradinaru},
    title = {{WaveBlocks}: Reusable building blocks for simulations with semiclassical wavepackets},
    year = {2010 -- 2015},
    url = {\url{https://github.com/raoulbq/WaveBlocksND}},
    howpublished={\url{https://github.com/raoulbq/WaveBlocksND}}
}

@Article{H_ladder_operators,
        title = "Raising and Lowering Operators for Semiclassical Wave Packets",
        author = "George A. Hagedorn",
        journal = "Annals of Physics",
        volume = "269",
        number = "1",
        pages = "77--104",
        year = "1998",
        issn = "0003-4916",
        doi = "DOI: 10.1006/aphy.1998.5843"
}

@article{B_master_thesis,
  author = {Bourquin, Raoul},
  title = {Wavepacket propagation in D-dimensional non-adiabatic crossings},
  url = {\url{http://www.sam.math.ethz.ch/~raoulb/research/master_thesis/tex/main.pdf}},
  year = {2012},
  howpublished = {\url{http://www.sam.math.ethz.ch/~raoulb/research/master_thesis/tex/main.pdf}},
  note = {\url{http://www.sam.math.ethz.ch/~raoulb/research/master_thesis/tex/main.pdf}}
}

@MISC{eigenweb,
  author = {Ga\"{e}l Guennebaud and Beno\^{i}t Jacob and others},
  title = {Eigen v3},
  howpublished = {http://eigen.tuxfamily.org},
  year = {2010}
}
